<?xml version="1.0" encoding="UTF-8"?><collection xmlns="http://www.loc.gov/MARC21/slim"><record><leader>00431nam--2200145-i-4500</leader><controlfield tag="001">000030304</controlfield><controlfield tag="002">20161230</controlfield><controlfield tag="005">20161230201038</controlfield><controlfield tag="008">060222s1000------------r-----000-0-eng-d</controlfield><datafield ind1=" " ind2=" " tag="080"><subfield code="a">621.3.011.71</subfield></datafield><datafield ind1=" " ind2=" " tag="100"><subfield code="a">Lifermann, J</subfield></datafield><datafield ind1=" " ind2=" " tag="245"><subfield code="a">Systemes lineares variables d`etat</subfield></datafield><datafield ind1=" " ind2=" " tag="260"><subfield code="a">Paris, Masson Et C-ie, 1972. X+227p</subfield></datafield><datafield ind1=" " ind2=" " tag="490"><subfield code="a">Collection De Mathematiques Pour Physiciens Et Ingenieurs:Methodes Et Applications</subfield></datafield><datafield ind1=" " ind2=" " tag="852"><subfield code="a">46007</subfield></datafield></record></collection>